<?xml version="1.0" encoding="UTF-8"?><collection xmlns="http://www.loc.gov/MARC21/slim"><record><leader>00561nam--2200193-u-4500</leader><controlfield tag="001">000050582</controlfield><controlfield tag="002">20161230</controlfield><controlfield tag="005">20170128000629</controlfield><controlfield tag="008">070920s1000------------r-----000-0-eng-d</controlfield><datafield ind1=" " ind2=" " tag="040"><subfield code="a">IFIN-HH</subfield></datafield><datafield ind1=" " ind2=" " tag="041"><subfield code="a">fre</subfield></datafield><datafield ind1=" " ind2=" " tag="080"><subfield code="a">517.518</subfield></datafield><datafield ind1="1" ind2=" " tag="100"><subfield code="a">Filipczac, F. M</subfield></datafield><datafield ind1="1" ind2="0" tag="245"><subfield code="a">Sur la Structure de L'esemble des Points ou une Fonction continue n'admet pas de derivee symetrique</subfield></datafield><datafield ind1=" " ind2=" " tag="260"><subfield code="a">Warszawa</subfield><subfield code="b">Panstwowe Wydawnictwo Naukowe</subfield><subfield code="c">1976</subfield></datafield><datafield ind1=" " ind2=" " tag="300"><subfield code="a">54 p</subfield></datafield><datafield ind1=" " ind2=" " tag="490"><subfield code="a">Dissertationes Math. Rozprawy Mat</subfield><subfield code="v">CXXX</subfield></datafield><datafield ind1=" " ind2=" " tag="852"><subfield code="c">51</subfield></datafield><datafield ind1=" " ind2=" " tag="CAT"><subfield code="a">SYS</subfield><subfield code="c">20170128</subfield><subfield code="h">000629</subfield></datafield></record></collection>